@misc{iberdrolaRV,
  author = "Iberdrola",
  title = "Realidade Virtual: outro mundo ao alcance de seus olhos",
  url = "https://www.iberdrola.com/inovacao/realidade-virtual#:~:text=A%20Realidade%20Virtual%20(RV)%20é,ou%20capacete%20de%20Realidade%20Virtual.",
}

@misc{cirurgioesRV,
    author = "BP",
    title = "Realidade virtual no treinamento de novos cirurgiões da BP",
    url = "https://www.bp.org.br/institucional/noticias/realidade-virtual-no-treinamento-de-novos-cirurgioes-da-bp"
}

@misc{wikiRel,
    author = "WikiCin",
    title = "Computação em GPU com NVIDIA CUDA (IF755)",
    url = "https://cin.ufpe.br/~pet/wiki/Computação_em_GPU_com_NVIDIA_CUDA_(IF755)"
}